@comment{x-kbibtex-personnameformatting=<%f ><%l><, %s>}

@article{taylor1959dynamics,
	author = "G. Taylor",
	journal = "Proceedings of the Royal Society of London. Series A. Mathematical and Physical Sciences",
	number = "1274",
	pages = "313",
	publisher = "The Royal Society",
	title = "{The dynamics of thin sheets of fluid. III. Disintegration of fluid sheets}",
	volume = "253",
	year = "1959"
}

@article{culick1960comments,
	author = "F. E. C. Culick",
	journal = "Journal of Applied Physics",
	number = "6",
	pages = "1128--1129",
	title = "{Comments on a ruptured soap film}",
	volume = "31",
	year = "1960"
}

@book{IPCC05,
	address = "New York",
	editor = "B. Metz and O. Davidson and H. C. {de Coninck} and M. Loos and L.A. Meyer",
	publisher = "Cambridge University Press",
	title = "{{IPCC} special report on {C}arbon {D}ioxide {C}apture and {S}torage}",
	year = 2005
}

@article{Homsy73,
	author = "G. M. Homsy",
	journal = jfm,
	pages = "129--139",
	title = "{Global stability of time-dependent flows --- impulsively heated or cooled fluid layers}",
	volume = 60,
	year = 1973
}

@article{GreshoSani71,
	author = "P. M. Gresho and R. L. Sani",
	journal = ijhmt,
	number = 2,
	pages = "207--221",
	publisher = "Elsevier",
	title = "{The stability of a fluid layer subjected to a step change in temperature: transient vs.\ frozen time analyses}",
	volume = 14,
	year = 1971
}

@article{EnnisKingPreston05,
	author = "J. Ennis-King and I. Preston and L. Paterson",
	journal = pf,
	pages = 084107,
	title = "{Onset of convection in anisotropic porous media subject to a rapid change in boundary conditions}",
	volume = 17,
	year = 2005
}

@article{RiazHesse06,
	author = "A. Riaz and M. Hesse and H. A. Tchelepi and F. M. Orr",
	journal = jfm,
	pages = "87--111",
	publisher = "Cambridge Univ Press",
	title = "{Onset of convection in a gravitationally unstable diffusive boundary layer in porous media}",
	volume = 548,
	year = 2006
}

@article{EnnisKingPaterson05,
	author = "J. Ennis-King and L. Paterson",
	journal = spej,
	number = 3,
	pages = "349--356",
	publisher = "Society of Petroleum Engineers",
	title = "{Role of convective mixing in the long-term storage of carbon dioxide in deep saline formations}",
	volume = 10,
	year = 2005
}

@article{RapakaChen08,
	author = "S. Rapaka and S. Chen and R. J. Pawar and P. H. Stauffer and D. Zhang",
	journal = jfm,
	pages = "285--303",
	publisher = "Cambridge Univ Press",
	title = "{Non-modal growth of perturbations in density-driven convection in porous media}",
	volume = 609,
	year = 2008
}

@article{SlimRama10,
	author = "A. C. Slim and T. S. Ramakrishnan",
	journal = pf,
	pages = 124103,
	title = "{Onset and cessation of time-dependent, dissolution-driven convection in porous media}",
	volume = 22,
	year = 2010
}

@article{rayleigh1880scientific,
	author = "L. Rayleigh",
	journal = "Also Proc. Lond. Math. Soc",
	pages = "57--80",
	title = "{Scientific papers, vol. 1}",
	volume = "11",
	year = "1880"
}

@article{king1982resistance,
	author = "M. King and H. K. Chang and M. E. Weber",
	journal = "Journal of Applied Physiology",
	number = "5",
	pages = "1172",
	publisher = "Am Physiological Soc",
	title = "{Resistance of mucus-lined tubes to steady and oscillatory airflow}",
	volume = "52",
	year = "1982"
}

@article{gupta2009flow,
	author = "J. K. Gupta and C. H. Lin and Q. Chen",
	journal = "Indoor air",
	number = "6",
	pages = "517--525",
	publisher = "Wiley Online Library",
	title = "{Flow dynamics and characterization of a cough}",
	volume = "19",
	year = "2009"
}

@article{moriarty1999flow,
	author = "J. A. Moriarty and J. B. Grotberg",
	journal = "Journal of Fluid Mechanics",
	number = "1",
	pages = "1--22",
	publisher = "Cambridge Univ Press",
	title = "{Flow-induced instabilities of a mucus--serous bilayer}",
	volume = "397",
	year = "1999"
}

@article{gkanis2003instability,
	author = "V. Gkanis and S. Kumar",
	journal = "Physics of Fluids",
	pages = "2864",
	title = "{Instability of creeping Couette flow past a neo-Hookean solid}",
	volume = "15",
	year = "2003"
}

@article{eggert2004observations,
	author = "M. D. Eggert and S. Kumar",
	journal = "Journal of colloid and interface science",
	number = "1",
	pages = "234--242",
	publisher = "Elsevier",
	title = "{Observations of instability, hysteresis, and oscillation in low-Reynolds-number flow past polymer gels}",
	volume = "278",
	year = "2004"
}

@article{evrensel1993viscous,
	author = "C. A. Evrensel and M. R. U. Khan and S. Elli and P. E. Krumpe",
	journal = "Journal of biomechanical engineering",
	pages = "262",
	title = "{Viscous airflow through a rigid tube with a compliant lining: a simple model for the air-mucus interaction in pulmonary airways}",
	volume = "115",
	year = "1993"
}

@article{farrell53generalized,
	author = "B. F. Farrell and P. J. Ioannou",
	journal = "Journal of the atmospheric sciences",
	number = "14",
	title = "{Generalized Stability Theory. Part II: Nonautonomoiis Operators}",
	volume = "53"
}

@article{joseph1981stability,
	author = "D. D. Joseph",
	journal = "Mir, Moscow",
	title = "{Stability of fluid motions}",
	year = "1981"
}

@article{balmforth2006bounds,
	author = "N. J. Balmforth and S. A. Ghadge and A. Kettapun and S. D. Mandre",
	journal = "Journal of Fluid Mechanics",
	number = "1",
	pages = "29--50",
	publisher = "Cambridge Univ Press",
	title = "{Bounds on double-diffusive convection}",
	volume = "569",
	year = "2006"
}

@book{bulirsch2002introduction,
	author = "R. Bulirsch and J. Stoer",
	publisher = "Springer Heidelberg",
	title = "{Introduction to numerical analysis}",
	year = "2002"
}

@book{lehoucq1998arpack,
	author = "Richard B Lehoucq and Danny C Sorensen and Chao Yang",
	publisher = "Siam",
	title = "{ARPACK users' guide: solution of large-scale eigenvalue problems with implicitly restarted Arnoldi methods}",
	volume = "6",
	year = "1998"
}

@article{fullana1999stability,
  title={Stability of a growing end rim in a liquid sheet of uniform thickness},
  author={Fullana, J. M. and Zaleski, S.},
  journal={Physics of Fluids},
  volume={11},
  number={5},
  pages={952--954},
  year={1999},
  publisher={AIP Publishing}
}

@article{zhang2010wavelength,
  title={Wavelength selection in the crown splash},
  author={Zhang, L. V. and Brunet, P. and Eggers, J. and Deegan, R. D.},
  journal={Physics of Fluids},
  volume={22},
  number={12},
  pages={122105},
  year={2010},
  publisher={AIP Publishing}
}

% Frozen coefficient
@article{agbaglah2013longitudinal,
  title={Longitudinal instability of a liquid rim},
  author={Agbaglah, G. and Josserand, C. and Zaleski, S.},
  journal={Physics of Fluids (1994-present)},
  volume={25},
  number={2},
  pages={022103},
  year={2013},
  publisher={AIP Publishing}
}
@article{kerczek1974linear,
  title={Linear stability theory of oscillatory Stokes layers},
  author={Kerczek, C. V. and Davis, S. H.},
  journal={Journal of Fluid Mechanics},
  volume={62},
  number={04},
  pages={753--773},
  year={1974},
  publisher={Cambridge Univ Press}
}
@article{gad1984stability,
  title={On the stability of the decelerating laminar boundary layer},
  author={Gad-El-Hak, M. and Davis, S. H. and McMurray, J. T. and Orszag, S. A.},
  journal={Journal of Fluid Mechanics},
  volume={138},
  pages={297--323},
  year={1984},
  publisher={Cambridge Univ Press}
}

@article{matar1999development,
  title={The development of transient fingering patterns during the spreading of surfactant coated films},
  author={Matar, Omar K and Troian, Sandra M},
  journal={Physics of Fluids (1994-present)},
  volume={11},
  number={11},
  pages={3232--3246},
  year={1999},
  publisher={AIP Publishing}
}

% to be checked
@article{ray1985linear,
  title={Linear stability theory model for finger formation in asymmetric membranes},
  author={Ray, R. J. and Krantz, W. B. and Sani, R. L.},
  journal={Journal of membrane science},
  volume={23},
  number={2},
  pages={155--182},
  year={1985},
  publisher={Elsevier}
}
@article{krane1993hydrodynamic,
  title={The hydrodynamic stability of a one-dimensional transient buoyancy-induced flow},
  author={Krane, M. J. M. and Gebhart, B.},
  journal={International journal of heat and mass transfer},
  volume={36},
  number={4},
  pages={977--988},
  year={1993},
  publisher={Elsevier}
}
@article{seminara1975linear,
  title={Linear stability of slowly varying unsteady flows in a curved channel},
  author={Seminara, G. and Hall, P.},
  journal={Proceedings of the Royal Society of London. A. Mathematical and Physical Sciences},
  volume={346},
  number={1646},
  pages={279--303},
  year={1975},
  publisher={The Royal Society}
}
@article{ghidaoui2001stability,
  title={Stability analysis of velocity profiles in water-hammer flows},
  author={Ghidaoui, M. S. and Kolyshkin, A. A.},
  journal={Journal of Hydraulic Engineering},
  volume={127},
  number={6},
  pages={499--512},
  year={2001},
  publisher={American Society of Civil Engineers}
}

@article{shen1961some,
    author = {Shen, S. F.}
	doi = "http://arc.aiaa.org/doi/abs/10.2514/8.9008",
	journal = "Journal of the Aerospace Sciences",
	note = "doi: 10.2514/8.9008",
	number = "5",
	pages = "397--404",
	publisher = "American Institute of Aeronautics and Astronautics",
	title = "{Some Considerations on the Laminar Stability of Time-Dependent Basic Flows}",
	volume = "28",
	year = "1961"
}

@article{burns1982instability,
  title={Instability in simple shear deformations of strain-softening materials},
  author={Burns, T. J. and Trucano, T. G.},
  journal={Mechanics of Materials},
  volume={1},
  number={4},
  pages={313--324},
  year={1982},
  publisher={Elsevier}
}
