@comment{x-kbibtex-personnameformatting=<%f ><%l><, %s>}

@article{brouillette2002richtmyer,
	author = "Martin Brouillette",
	journal = "Annual Review of Fluid Mechanics",
	number = "1",
	pages = "445--468",
	publisher = "Annual Reviews 4139 El Camino Way, PO Box 10139, Palo Alto, CA 94303-0139, USA",
	title = "{The {Richtmyer-Meshkov} instability}",
	volume = "34",
	year = "2002"
}

@article{anderson2010foam,
	author = "Anthony M Anderson and Lucien N Brush and Stephen H Davis",
	journal = "Journal of Fluid Mechanics",
	pages = "63--88",
	publisher = "Cambridge Univ Press",
	title = "{Foam mechanics: spontaneous rupture of thinning liquid films with Plateau borders}",
	volume = "658",
	year = "2010"
}

@article{thorpe1968method,
	author = "SA Thorpe",
	journal = "Journal of Fluid Mechanics",
	number = "04",
	pages = "693--704",
	publisher = "Cambridge Univ Press",
	title = "{A method of producing a shear flow in a stratified fluid}",
	volume = "32",
	year = "1968"
}

@article{homsy1987viscous,
	author = "GM Homsy",
	journal = "Annual Review of Fluid Mechanics",
	number = "1",
	pages = "271--311",
	publisher = "Annual Reviews 4139 El Camino Way, PO Box 10139, Palo Alto, CA 94303-0139, USA",
	title = "{Viscous fingering in porous media}",
	volume = "19",
	year = "1987"
}

